@MISC{Oracle:JLS9,
  title = {{Java Language Specification {\tt https://docs.oracle.com/javase/specs/}}},
  year = {2017},
  month = {december},
  date = {2017-12-01},
  key = {www},
  mylabel = {www},
  timestamp = {2017.12.01}
}




@book{goll2013java,
  title={Java als erste Programmiersprache: Ein professioneller Einstieg in die Objektorientierung mit Java},
  author={Goll, J. and Heinisch, C.},
  isbn={9783834818577},
  url={https://books.google.de/books?id=u5fTnQEACAAJ},
  year={2013},
  publisher={Springer Fachmedien Wiesbaden}
}

@article{DBLP:journals/corr/abs-1301-6260,
  author    = {Sim{-}Hui Tee},
  title     = {Problems of Inheritance at Java Inner Class},
  journal   = {CoRR},
  volume    = {abs/1301.6260},
  year      = {2013},
  url       = {http://arxiv.org/abs/1301.6260},
  archivePrefix = {arXiv},
  eprint    = {1301.6260},
  timestamp = {Wed, 07 Jun 2017 14:41:08 +0200},
  biburl    = {http://dblp.org/rec/bib/journals/corr/abs-1301-6260},
  bibsource = {dblp computer science bibliography, http://dblp.org}
}
